<record><leader>00000cas a2200000 a 4500</leader><controlfield tag="001">31677718</controlfield><controlfield tag="008">941212c198u9999idumr ne      0    0eng c</controlfield><datafield ind1=" " ind2=" " tag="010"><subfield code="a">sn 94050954 </subfield></datafield><datafield ind1=" " ind2=" " tag="040"><subfield code="a">ANU</subfield><subfield code="b">eng</subfield><subfield code="c">ANU</subfield><subfield code="d">NYP</subfield><subfield code="d">CVF</subfield><subfield code="d">OCLCQ</subfield><subfield code="d">OCLCF</subfield><subfield code="d">OCLCO</subfield></datafield><datafield ind1="1" ind2=" " tag="029"><subfield code="a">AU@</subfield><subfield code="b">000011427410</subfield></datafield><datafield ind1=" " ind2=" " tag="042"><subfield code="a">pcc</subfield></datafield><datafield ind1=" " ind2=" " tag="043"><subfield code="a">n-us-id</subfield><subfield code="a">n------</subfield></datafield><datafield ind1="0" ind2="0" tag="245"><subfield code="a">Coeur d'Alene council fires.</subfield></datafield><datafield ind1="3" ind2="1" tag="246"><subfield code="a">Shee-chu-umsh sqwlp-n' mut</subfield><subfield code="b">May 29, 1992-&lt;July 1996&gt;</subfield></datafield><datafield ind1="3" ind2="0" tag="246"><subfield code="a">Council fires</subfield></datafield><datafield ind1="1" ind2="7" tag="246"><subfield code="a">Sqwlp-n' mut</subfield><subfield code="f">May 29, 1992-&lt;July 1996&gt;</subfield></datafield><datafield ind1=" " ind2=" " tag="260"><subfield code="a">Plummer, ID :</subfield><subfield code="b">Coeur d'Alene Tribe of Idaho</subfield></datafield><datafield ind1=" " ind2=" " tag="300"><subfield code="a">v. :</subfield><subfield code="b">ill. ;</subfield><subfield code="c">44 cm.</subfield></datafield><datafield ind1=" " ind2=" " tag="310"><subfield code="a">Monthly</subfield></datafield><datafield ind1=" " ind2=" " tag="588"><subfield code="a">Description based on: Ser. 2, v. 2, issue 3 (Sept. 16, 1987).</subfield></datafield><datafield ind1=" " ind2="0" tag="650"><subfield code="a">Coeur d'Alene Indians</subfield><subfield code="z">Idaho</subfield><subfield code="v">Newspapers.</subfield></datafield><datafield ind1=" " ind2="0" tag="650"><subfield code="a">Indians of North America</subfield><subfield code="v">Newspapers.</subfield></datafield><datafield ind1=" " ind2="0" tag="651"><subfield code="a">Coeur d'Alene Indian Reservation (Idaho)</subfield><subfield code="v">Newspapers.</subfield></datafield><datafield ind1=" " ind2="7" tag="655"><subfield code="a">Newspapers.</subfield><subfield code="2">fast</subfield><subfield code="0">(OCoLC)fst01423814</subfield></datafield><datafield ind1=" " ind2="7" tag="650"><subfield code="a">Coeur d'Alene Indians.</subfield><subfield code="2">fast</subfield><subfield code="0">(OCoLC)fst01430073</subfield></datafield><datafield ind1=" " ind2="7" tag="650"><subfield code="a">Indians of North America.</subfield><subfield code="2">fast</subfield><subfield code="0">(OCoLC)fst00969633</subfield></datafield><datafield ind1=" " ind2="7" tag="651"><subfield code="a">Idaho.</subfield><subfield code="2">fast</subfield><subfield code="0">(OCoLC)fst01211709</subfield></datafield><datafield ind1=" " ind2="7" tag="651"><subfield code="a">Idaho</subfield><subfield code="z">Coeur d'Alene Indian Reservation.</subfield><subfield code="2">fast</subfield><subfield code="0">(OCoLC)fst01269642</subfield></datafield><datafield ind1="1" ind2=" " tag="710"><subfield code="a">Coeur D'Alene Tribe.</subfield></datafield><datafield ind1=" " ind2=" " tag="752"><subfield code="a">United States</subfield><subfield code="b">Idaho</subfield><subfield code="c">Benewah</subfield><subfield code="d">Plummer.</subfield></datafield><datafield ind1="0" ind2="0" tag="780"><subfield code="t">Council fires</subfield><subfield code="w">(DLC)sn 88087157</subfield><subfield code="w">(OCoLC)18680482</subfield></datafield><datafield ind1=" " ind2=" " tag="850"><subfield code="a">NN</subfield></datafield></record>